@phdthesis{oliveiraesilva1994a,
  author    = {{Oliveira e Silva},
Tom{\'a}s},
  month     = apr,
  school    = {University of Aveiro},
  title     = {Sobre os filtros de {{Kautz}} e sua utiliza\c{c}\~ao na aproxima\c{c}\~ao de sistemas lineares invariantes no tempo},
  url       = {http://hdl.handle.net/10773/4641},
  year      = {1994},
}

@misc{oliveiraesilva2012a,
  author    = {{Oliveira e Silva},
Tom{\'a}s},
  month     = may,
  title     = {{{UA}} thesis {{\LaTeX}}\ style file},
  url       = {http://sweet.ua.pt/tos/TeX/ua_thesis.tgz},
  year      = {2012},
}

@mastersthesis{antunes2015a,
  author    = {Antunes,
Rui},
  month     = jul,
  school    = {University of Aveiro},
  title     = {Genomics music},
  url       = {http://hdl.handle.net/10773/18866},
  year      = {2015},
}

@inproceedings{antunes2019a,
  author    = {Antunes,
Rui and Silva,
Jo{\~a}o Figueira and Pereira,
Arnaldo and Matos,
S{\'e}rgio},
  booktitle = {12th {{International Joint Conference}} on {{Biomedical Engineering Systems}} and {{Technologies}}},
  month     = feb,
  pages     = {59--67},
  publisher = {{SciTePress}},
  title     = {Rule-based and machine learning hybrid system for patient cohort selection},
  url       = {https://doi.org/10.5220/0007349300590067},
  venue     = {{Prague,
Czech Republic}},
  year      = {2019},
}

@article{antunes2019b,
  author    = {Antunes,
Rui and Matos,
S{\'e}rgio},
  journal   = {Database},
  month     = oct,
  number    = {baz095},
  note      = {{Oxford University Press}},
  title     = {Extraction of chemical--protein interactions from the literature using neural networks and narrow instance representation},
  url       = {https://doi.org/10.1093/database/baz095},
  volume    = {2019},
  year      = {2019},
}

@inproceedings{antunes2020a,
  author    = {Antunes,
Rui and Silva,
Jo{\~a}o Figueira and Matos,
S{\'e}rgio},
  booktitle = {35th {{Annual ACM Symposium}} on {{Applied Computing}}},
  month     = mar,
  pages     = {662--669},
  publisher = {{ACM}},
  title     = {Evaluating semantic textual similarity in clinical sentences using deep learning and sentence embeddings},
  url       = {http://hdl.handle.net/10773/31473},
  venue     = {{Online}},
  year      = {2020},
}

@inproceedings{almeida2021a,
  author    = {Almeida,
Tiago and Antunes,
Rui and Silva,
Jo{\~a}o Figueira and Almeida,
Jo{\~a}o Rafael and Matos,
S{\'e}rgio},
  booktitle = {{{BioCreative VII Challenge Evaluation Workshop}}},
  month     = nov,
  pages     = {119--123},
  title     = {Chemical detection and indexing in {{PubMed}} full text articles using deep learning and rule-based methods},
  url       = {https://biocreative.bioinformatics.udel.edu/resources/publications/bc-vii-workshop-proceedings/},
  venue     = {{Online}},
  year      = {2021},
}

@book{newman2019monolith,
  title={Monolith to microservices: evolutionary patterns to transform your monolith},
  author={Newman,
Sam},
  year={2019},
  publisher={O'Reilly Media}
}

@website{redis_2022,
  title={Introduction to Redis},
  url={https://redis.io/docs/about/},
  journal={Redis},
  publisher={Redis Community},
year={2022},
month={Mar}}
}

@website{celery,
  title={Distributed task queue},
  url={https://docs.celeryq.dev/en/stable/},
  journal={Celery},
  publisher={Celery Community},
year={2022}}
} 

@misc{gitlab_2022,
  title={The One DevOps platform},
  url={https://about.gitlab.com/},
  journal={GitLab},
  publisher={GitLab},
  year={2022},
  month={May},
}

@article{git,
  author={Spinellis,
Diomidis},
  journal={IEEE Software},
  title={Git},
  year={2012},
  volume={29},
  number={3},
  pages={100-101},
  doi={10.1109/MS.2012.61}
}

@misc{pallets_2022,
 title={Flask},
 url={https://palletsprojects.com/p/flask/},
 journal={Pallets},
 publisher={Pallets},
 year={2022},
 month={May},
} 

@article{sallin_kropp_anslow_quilty_meier_2021,
  title={Measuring software delivery performance using the four key metrics of DevOps},
  DOI={10.1007/978-3-030-78098-2_7},
  journal={Lecture Notes in Business Information Processing},
  author={Sallin,Marc and Kropp,Martin and Anslow,Craig and Quilty,James W. and Meier,Andreas},
  year={2021},
  month={Jun},
  pages={103–119},
} 

@book{bass_weber_zhu_2015,
  place={New York},
  title={DevOps},
  publisher={Addison-Wesley},
  author={Bass, Len and Weber, Ingo and Zhu, Liming},
  year={2015},
}

@article{lewellen_2020,
title={Identifying Key Stakeholders as Part of Requirements Elicitation in Software Ecosystems},
volume={B},
url={https://dl.acm.org/doi/pdf/10.1145/3382026.3431249},
DOI={10.1145/3382026.3431249},
journal={Proceedings of the 24th ACM International Systems and Software Product Line Conference - Volume B},
author={Lewellen, Stephanie},
year={2020},
pages={88-95},
}

@article{pacheco_garcía_reyes_2018,
title={Requirements elicitation techniques: a systematic literature review based on the maturity of the techniques},
volume={12},
DOI={10.1049/iet-sen.2017.0144},
number={4},
journal={IET Software},
author={Pacheco, Carla and García, Ivan and Reyes, Miryam},
year={2018},
pages={365-378},
}

@Inbook{grafana,
author="Chakraborty, Mainak
and Kundan, Ajit Pratap",
title="Grafana",
bookTitle="Monitoring Cloud-Native Applications: Lead Agile Operations Confidently Using Open Source Software",
year="2021",
publisher="Apress",
address="Berkeley, CA",
pages="187--240",
abstract="Grafana is a popular open source time-series data query, visualization, and alerting tool which was developed by Torkel {\"O}degaard in 2014. It has a data source model which is highly pluggable and supports multiple time-series--based data sources like Prometheus, InfluxDB, and OpenTSDB as well as SQL databases like MySQL and Postgres. Independent of where the data is stored, it allows you to query the data using query editor, visualize it using dashboards, and alert on it using the alerting function.",
isbn="978-1-4842-6888-9",
doi="10.1007/978-1-4842-6888-9_6",
url="https://doi.org/10.1007/978-1-4842-6888-9_6"
}